%% Saved with string encoding Unicode (UTF-8) 

@misc{hadley_2020,
  title     = {Young Hackers Are The Future Of Cybersecurity  Lets Treat Them As Such},
  url       = {https://www.forbes.com/sites/jameshadley/2020/03/11/young-hackers-are-the-future-of-cybersecurity--lets-treat-them-as-such/},
  journal   = {Forbes},
  publisher = {Forbes Magazine},
  author    = {Hadley, James},
  year      = {2020},
  month     = {3},
  urldate   = {2020-09-24}
}
@misc{hill_2020,
  title     = {What does it take to keep young hackers on the right path?},
  url       = {https://www.immersivelabs.com/resources/blog/what-does-it-take-to-keep-young-hackers-on-the-right-path/},
  journal   = {Immersive Labs},
  publisher = {Immersive Labs},
  author    = {Hill, Ryan},
  year      = {2020},
  month     = {8},
  urldate   = {2020-09-24}
} 
 @misc{loughran_2019,
  title   = {Young hackers to be lured into legitimate employment with Government scheme},
  url     = {https://eandt.theiet.org/content/articles/2019/06/young-hackers-to-be-lured-into-legitimate-employment-with-government-scheme/},
  journal = {E&T},
  author  = {Loughran, Jack},
  year    = {2019},
  month   = {6},
  urldate = {2020-09-24}
} 

 @misc{power_2000,
  title     = {The Risks - The Dangers Confronting Computer Users, Corporations And Governments | Hackers | FRONTLINE},
  url       = {https://www.pbs.org/wgbh/pages/frontline/shows/hackers/risks/dangers.html},
  journal   = {PBS},
  publisher = {Public Broadcasting Service},
  author    = {power, richard},
  year      = {2000},
  urldate   = {2020-09-24}
} 
 @misc{wyman,
  url     = {https://www.oliverwyman.com/our-expertise/insights/2020/apr/risk-journal-vol-9/emerging-risks/children-need-to-know-about-hackers.html},
  journal = {Children Need to Know About Hackers},
  author  = {Wyman, Oliver},
  urldate = {2020-09-24}
} 